<?xml version="1.0" encoding="UTF-8"?><collection xmlns="http://www.loc.gov/MARC21/slim"><record><leader>00568nam--2200181-i-4500</leader><controlfield tag="001">000023810</controlfield><controlfield tag="002">20161230</controlfield><controlfield tag="005">20161230201035</controlfield><controlfield tag="008">060222s1000------------r-----000-0-fre-d</controlfield><datafield ind1=" " ind2=" " tag="040"><subfield code="a">IFIN-HH</subfield></datafield><datafield ind1=" " ind2=" " tag="041"><subfield code="a">fre</subfield></datafield><datafield ind1=" " ind2=" " tag="080"><subfield code="a">538.913:538.953:539.93(043)</subfield></datafield><datafield ind1="1" ind2=" " tag="100"><subfield code="a">Jay-Gerin, Jean-Paul</subfield></datafield><datafield ind1="1" ind2="0" tag="245"><subfield code="a">Etude des proprietes thermoelectriques et thermomagnetiques du graphite a basses temperatures</subfield><subfield code="b">These</subfield><subfield code="c">Jean-paul jay-gerin</subfield></datafield><datafield ind1=" " ind2=" " tag="260"><subfield code="a">Grenoble</subfield><subfield code="b">Universite Scientifique Et Medicale</subfield><subfield code="c">1975</subfield></datafield><datafield ind1=" " ind2=" " tag="300"><subfield code="a">216P</subfield></datafield><datafield ind1=" " ind2=" " tag="852"><subfield code="a">46418</subfield><subfield code="c">539.2</subfield></datafield><datafield ind1=" " ind2=" " tag="CAT"><subfield code="a">Sys</subfield><subfield code="c">20121029</subfield><subfield code="h">095742</subfield></datafield></record></collection>